% online resources regardring blockchains 

% \usepackage{url}
% Add this to your main .tex file
% so that URLs with special chars
% are handled correclty in misc 
% entries using work arounds like
%  howhpublished= 
%  note=`


% Bitcoin

@misc{github:bitcoinsrc,
  author        = {{Bitcoin community}},
  title         = {Bitcoin-core source code},
  booktitle     = {github},
  howpublished  = {\url{https://github.com/bitcoin/bitcoin}},
  note          = {Accessed: 2015-06-30}
}

@misc{github:bitcoinbips,
  author        = {{Bitcoin community}},
  title         = {Bitcoin Improvement Proposals (BIPs)},
  booktitle     = {github},
  howpublished  = {\url{https://github.com/bitcoin/bips}},
  note          = {Accessed: 2015-06-30}
}

@misc{github:bitcoinbip32,
  author        = {{Pieter Wuille}},
  title         = {Bitcoin Improvement Proposal 32 (BIP32): Hierarchical Deterministic Wallets},
  booktitle     = {github},
  howpublished  = {\url{https://github.com/bitcoin/bips/blob/master/bip-0032.mediawiki}},
  note          = {Accessed: 2016-05-24},
  url           = {https://github.com/bitcoin/bips/blob/master/bip-0032.mediawiki}
}

@misc{online:bitcoindev,
  author        = {{Bitcoin community}},
  title         = {Bitcoin developer guide},
  organization  = {bitcoin.org},
  howpublished  = {\url{https://bitcoin.org/en/developer-documentation}},
  note          = {Accessed: 2016-03-29}
}

@misc{github:bitcoindev,
  author        = {Krzysztof Okupski},
  title         = {Bitcoin protocol specification},
  howpublished  = {\url{https://github.com/minium/Bitcoin-Spec}},
  note          = {Accessed: 2014-10-14}
}

@misc{online:bitcoinprotocol,
  author        = {{Bitcoin community}},
  title         = {Bitcoin protocol specification},
  organization  = {bitcoin.it},
  howpublished  = {\url{https://en.bitcoin.it/wiki/Protocol_specification}},
  note          = {Accessed: 2014-10-14}
}

@misc{online:bitcoinit,
  author        = {{Bitcoin community}},
  title         = {Bitcoin wiki},
  organization  = {bitcoin.it},
  howpublished  = {\url{https://bitcoin.it/}},
  note          = {Accessed: 2015-06-30}
}

@misc{online:bitcoinitweaknesses,
  author        = {{Bitcoin community}},
  title         = {Weaknesses in Bitcoin},
  organization  = {bitcoin.it},
  howpublished  = {\url{https://en.bitcoin.it/wiki/Weaknesses}},
  note          = {Accessed: 2014-04-02}
}

@misc{online:bitcointalk,
  author        = {{Bitcoin community}},
  title         = {Bitcointalk forum},
  organization  = {bitcointalk.org},
  howpublished  = {\url{https://bitcointalk.org/}},
  note          = {Accessed: 2015-06-30}
}

@misc{online:bitcoindevarchives,
  author        = {{Bitcoin community}},
  title         = {Bitcoin-dev mailinglist},
  organization  = {linuxfoundation.org},
  howpublished  = {\url{https://lists.linuxfoundation.org/pipermail/bitcoin-dev/}},
  note          = {Accessed: 2016-06-07}
}

@misc{online:blockchaininfo,
  author        = {Blockchain.info},
  title         = {Bitcoin currency statistics},
  organization  = {Blockchain.info},
  howpublished  = {\url{http://blockchain.info/}},
  note          = {Accessed: 2015-06-30}
}

@misc{github:trezor,
  author        = {{Satoshi Labs}},
  title         = {Trezor: The Hardware Bitcoin Wallet},
  howpublished  = {\url{https://github.com/trezor}},
  note          = {Accessed: 2015-06-30},
}

@misc{github:ethereum,
  author        = {{Ethereum community}},
  title         = {Ethereum: A Secure Decentralised Generalised Transaction Ledger },
  booktitle     = {github},
  howpublished  = {\url{https://github.com/ethereum/yellowpaper}},
  note          = {Accessed: 2016-03-30}
}

@misc{online:litecoin,
  author        = {Litecoin Project},
  title         = {Litecoin},
  howpublished  = {\url{https://litecoin.org/}},
  note          = {Accessed: 2016-03-29}
}

@misc{online:litecoinblockexplorer,
  author        = {Litecoin Association},
  title         = {Litecoin Block Explorer},
  howpublished  = {\url{http://block-explorer.com/}},
  note          = {Accessed: 2016-03-29}
}

@misc{online:namecoin,
  title         = {{Namecoin}},
  howpublished  = {\url{https://namecoin.org/}}, 
  note          = {Accessed 2016-03-23}
}

@misc{github:namecoin-legacy,
  author        = {{Namecoin community}},
  title         = {Namecoin source code (legacy)},
  howpublished  = {\url{https://github.com/namecoin/namecoin-legacy}},
  note          = {Accessed: 2016-03-29}
}

@misc{github:namecoin-core,
  author        = {{Namecoin community}},
  title         = {Namecoin-core source code},
  howpublished  = {\url{https://github.com/namecoin/namecoin-core}},
  note          = {Accessed: 2016-03-29}
}

@misc{online:cryptocoincharts,
  title         = {{Crypto Coins List}},
  howpublished  = {\url{http://www.cryptocoincharts.info/coins/info}}, 
  note          = {Accessed 2014-11-14}
}

@misc{online:bitinfocharts,
  title         = {{Bitinfocharts}},
  howpublished  = {\url{https://bitinfocharts.com/}}, 
  note          = {Accessed 2015-03-23}
}

@misc{online:ecash,
  title         = {{ecash website snapshot}},
  howpublished  = {\url{https://web.archive.org/web/19971009044558/http://digicash.com/publish/ecash_intro/ecash_intro.html}}, 
  note          = {Accessed 2016-08-10}
}

@misc{online:digicashbankrupt,
  title         = {{Requiem of a Bright Idea}},
  organization  = {Forbes},
  howpublished  = {\url{http://www.forbes.com/forbes/1999/1101/6411390a.html}}, 
  note          = {Accessed 2016-08-10}
}   


