% Peer reviewd blockchain bibliography

% < 2009 

@inproceedings{chaum1983blind,
  title = {Blind signatures for untraceable payments},
  author = {Chaum, David},
  booktitle = {Advances in cryptology},
  pages = {199--203},
  year = {1983},
  organization = {Springer},
  url = {http://blog.koehntopp.de/uploads/Chaum.BlindSigForPayment.1982.PDF}
}

@article{chaum1985security,
  title = {Security without identification: Transaction systems to make big brother obsolete},
  author = {Chaum, David},
  journal = {Communications of the ACM},
  volume = {28},
  number = {10},
  pages = {1030--1044},
  year = {1985},
  publisher = {ACM},
  url={https://cosic.esat.kuleuven.be/apes/papers/p1030-chaum.pdf.gz}
}

@inproceedings{chaum1990untraceable,
  title = {Untraceable electronic cash},
  author        = {Chaum, David and Fiat, Amos and Naor, Moni},
  booktitle     = {Proceedings on Advances in cryptology},
  pages         = {319--327},
  year          = {1990},
  organization  = {Springer-Verlag New York, Inc.},
  url = {http://people.dsv.su.se/~matei/courses/IK2001_SJE/Chaum90.pdf}
}

% 2009
% 2010

@inproceedings{white2010overcoming,
  title={Overcoming reputation and proof-of-work systems in botnets},
  author={White, Andrew and Tickle, Alan and Clark, Andrew},
  booktitle={Network and System Security (NSS), 2010 4th International Conference on},
  pages={120--127},
  year={2010},
  organization={IEEE},
  url={http://eprints.qut.edu.au/35657/1/c35657.pdf}
}

% 2011

@inproceedings{reid2011anonymity,
  author    = {F. Reid, M. Harrigan},
  title     = {An Analysis of Anonymity in the Bitcoin System},
  booktitle = {2011 IEEE International Conference on Privacy, Security, Risk, and Trust, and IEEE International Conference on Social Computing},
  year      = {2011},
  url={http://arxiv.org/pdf/1107.4524}
}

% 2012

@inproceedings{ron2013quantitative,
  title={Quantitative analysis of the full bitcoin transaction graph},
  author={Ron, Dorit and Shamir, Adi},
  booktitle={Financial Cryptography and Data Security},
  pages={6--24},
  year={2013},
  publisher={Springer},
  url={https://eprint.iacr.org/2012/584.pdf}
}

%barber2012bitterbetter
@inproceedings{barber2012bitter,
  title         = {Bitter to better - how to make bitcoin a better currency},
  author        = {Barber, Simon and Boyen, Xavier and Shi, Elaine and Uzun, Ersin},
  booktitle     = {Financial cryptography and data security},
  pages         = {399--414},
  year          = {2012},
  publisher     = {Springer},
  url={http://eprints.qut.edu.au/69169/1/Boyen_accepted_draft.pdf}
}

@inproceedings{babaioff2012red,
  title         = {On bitcoin and red balloons},
  author        = {Babaioff, Moshe and Dobzinski, Shahar and Oren, Sigal and Zohar, Aviv},
  booktitle     = {Proceedings of the 13th ACM conference on electronic commerce},
  pages         = {56--73},
  year          = {2012}, 
  organization  = {ACM},
  url = {http://arxiv.org/pdf/1111.2626.pdf}
}

% 2013

@inproceedings{mahmoody2013publicly,
  title={Publicly verifiable proofs of sequential work},
  author={Mahmoody, Mohammad and Moran, Tal and Vadhan, Salil},
  booktitle={Proceedings of the 4th conference on Innovations in Theoretical Computer Science},
  pages={373--388},
  year={2013},
  organization={ACM},
  url={http://www.cs.cornell.edu/~mohammad/files/papers/15%20TimeStamp.pdf}
}

@inproceedings{taylor2013bitcoin,
  title={Bitcoin and the age of bespoke silicon},
  author={Taylor, Michael Bedford},
  booktitle={Proceedings of the 2013 International Conference on Compilers, Architectures and Synthesis for Embedded Systems},
  pages={16},
  year={2013},
  organization={IEEE Press},
  url={https://cseweb.ucsd.edu/~mbtaylor/papers/bitcoin_taylor_cases_2013.pdf}
}

@inproceedings{miers2013zerocoin,
  author={Miers, Ian and Garman, Christina and Green, Matthew and Rubin, Aviel D},
  title={Zerocoin: Anonymous distributed e-cash from bitcoin},
  booktitle={Security and Privacy (SP), 2013 IEEE Symposium on},
  pages={397--411},
  year={2013},
  organization={IEEE},
  url={https://isi.jhu.edu/~mgreen/ZerocoinOakland.pdf}
}

%bamert2013snak
@inproceedings{bamert2013have,
  title={Have a snack, pay with bitcoins},
  author={Bamert, Tobias and Decker, Christian and Elsen, Lennart and Wattenhofer, Roger and Welten, Samuel},
  booktitle={Peer-to-Peer Computing (P2P), 2013 IEEE Thirteenth International Conference on},
  pages={1--5},
  year={2013},
  organization={IEEE},
  url={http://www.bheesty.com/cracker/1450709524_17035424cb/p2p2013_093.pdf}
}

%decker2013propagation
@inproceedings{decker2013information,
  title={Information propagation in the bitcoin network},
  author={Decker, Christian and Wattenhofer, Roger},
  booktitle={Peer-to-Peer Computing (P2P), 2013 IEEE Thirteenth International Conference on},
  pages={1--10},
  year={2013},
  organization={IEEE},
  url={http://diyhpl.us/~bryan/papers2/bitcoin/Information%20propagation%20in%20the%20Bitcoin%20network.pdf}
}

% 2014 

@inproceedings{ben2014zerocash,
  title={Zerocash: Decentralized anonymous payments from bitcoin},
  author={Ben Sasson, Eli and Chiesa, Alessandro and Garman, Christina and Green, Matthew and Miers, Ian and Tromer, Eran and Virza, Madars},
  booktitle={Security and Privacy (SP), 2014 IEEE Symposium on},
  pages={459--474},
  year={2014},
  organization={IEEE},
  url={http://zerocash-project.org/media/pdf/zerocash-extended-20140518.pdf}
}

%donet2014bitcoinp2p
@inproceedings{donet2014bitcoin,
  title={The bitcoin p2p network},
  author={Donet, Joan Antoni Donet and P{\'e}rez-Sola, Cristina and Herrera-Joancomart{\'\i}, Jordi},
  booktitle={Financial Cryptography and Data Security},
  pages={87--102},
  year={2014},
  publisher={Springer},
  url={http://fc14.ifca.ai/bitcoin/papers/bitcoin14_submission_3.pdf}
}

%bonneau2014decentralizing
@inproceedings{clark2014decentralizing,
  title={On Decentralizing Prediction Markets and Order Books},
  author={Clark, Jeremy and Bonneau, Joseph and Felten, Edward W and Kroll, Joshua A and Miller, Andrew and Narayanan, Arvind},
  booktitle={WEIS},
  year={2014},
  url={http://users.encs.concordia.ca/~clark/papers/2014_weis.pdf}
}

%biryukov2014deanon
@inproceedings{biryukov2014deanonymisation,
  title={Deanonymisation of clients in Bitcoin P2P network},
  author={Biryukov, Alex and Khovratovich, Dmitry and Pustogarov, Ivan},
  booktitle={Proceedings of the 2014 ACM SIGSAC Conference on Computer and Communications Security},
  pages={15--29},
  year={2014},
  organization={ACM},
  url={http://arxiv.org/pdf/1405.7418.pdf}
}

@inproceedings{eyal2014majority,
  title={Majority is not enough: Bitcoin mining is vulnerable},
  author={Eyal, Ittay and Sirer, Emin G{\"u}n},
  booktitle={Financial Cryptography and Data Security},
  pages={436--454},
  year={2014},
  publisher={Springer},
  url={http://arxiv.org/pdf/1311.0243}
}

@inproceedings{ruffing2014coinshuffle,
  title={CoinShuffle: Practical decentralized coin mixing for Bitcoin},
  author={Ruffing, Tim and Moreno-Sanchez, Pedro and Kate, Aniket},
  booktitle={Computer Security-ESORICS 2014},
  pages={345--364},
  year={2014},
  publisher={Springer},
  url={http://crypsys.mmci.uni-saarland.de/projects/CoinShuffle/coinshuffle.pdf}
}

@inproceedings{huang2014botcoin,
  title={Botcoin: Monetizing Stolen Cycles.},
  author={Huang, Danny Yuxing and Dharmdasani, Hitesh and Meiklejohn, Sarah and Dave, Vacha and Grier, Chris and McCoy, Damon and Savage, Stefan and Weaver, Nicholas and Snoeren, Alex C and Levchenko, Kirill},
  booktitle={NDSS},
  year={2014},
  url={https://www.cs.gmu.edu/~mccoy/papers/botcoin-ndss14.pdf}
}

%biryukov2014bitcointor
@inproceedings{biryukov2015bitcoin,
  title={Bitcoin over Tor isn't a good idea},
  author={Biryukov, Alex and Pustogarov, Ivan},
  booktitle={Security and Privacy (SP), 2015 IEEE Symposium on},
  pages={122--134},
  year={2015},
  organization={IEEE},
  url={http://arxiv.org/pdf/1410.6079}
}

@inproceedings{saxena2014increasing,                                     
  title            = {Increasing Anonymity in Bitcoin},                       
  Author           = {Saxena, Amitabh and Misra, Janardan and Dhar, Aritra}, 
  Booktitle        = {Financial Cryptography and Data Security},          
  Pages            = {122--139},                                              
  Publisher        = {Springer},                                          
  Year             = {2014},
  url={http://fc14.ifca.ai/bitcoin/papers/bitcoin14_submission_19.pdf}
}

@inproceedings{miller2014permacoin,
  title={Permacoin: Repurposing bitcoin work for data preservation},
  author={Miller, Andrew and Juels, Ari and Shi, Elaine and Parno, Bryan and Katz, Jonathan},
  booktitle={Security and Privacy (SP), 2014 IEEE Symposium on},
  pages={475--490},
  year={2014},
  organization={IEEE},
  url={http://cs.umd.edu/~amiller/permacoin.pdf}
}

@inproceedings{bonneau2014fawkescoin,
  title={Fawkescoin: Bitcoin without public-key crypto},
  author={Bonneau, Joseph and Miller, Andrew},
  booktitle={Security Protocols XXII},
  pages={350--358},
  year={2014},
  publisher={Springer},
  url={http://www.jbonneau.com/doc/BM14-SPW-fawkescoin.pdf}
}

@inproceedings{bonneau2014mixcoin,
  title={Mixcoin: Anonymity for Bitcoin with accountable mixes},
  author={Bonneau, Joseph and Narayanan, Arvind and Miller, Andrew and Clark, Jeremy and Kroll, Joshua A and Felten, Edward W},
  booktitle={Financial Cryptography and Data Security},
  pages={486--504},
  year={2014},
  publisher={Springer},
  url={http://eprint.iacr.org/2014/077.pdf}
}

@inproceedings{jansen2014onions,
  title={From onions to shallots: Rewarding Tor relays with TEARS},
  author={Jansen, Rob and Miller, Andrew and Syverson, Paul and Ford, Bryan},
  booktitle={HotPETs},
  year={2014},
  url={http://www.dtic.mil/cgi-bin/GetTRDoc?AD=ADA623492}
}

@inproceedings{gervais2014privacy,
  title={On the privacy provisions of bloom filters in lightweight bitcoin clients},
  author={Gervais, Arthur and Capkun, Srdjan and Karame, Ghassan O and Gruber, Damian},
  booktitle={Proceedings of the 30th Annual Computer Security Applications Conference},
  pages={326--335},
  year={2014},
  organization={ACM},
  url={http://eprint.iacr.org/2014/763.pdf}
}

@inproceedings{kumaresan2014use,
  title={How to use bitcoin to incentivize correct computations},
  author={Kumaresan, Ranjit and Bentov, Iddo},
  booktitle={Proceedings of the 2014 ACM SIGSAC Conference on Computer and Communications Security},
  pages={30--41},
  year={2014},
  organization={ACM},
  url={http://www.cs.technion.ac.il/~idddo/incentivesBitcoin.pdf}
}

@inproceedings{van2014versum,
  title={Versum: Verifiable computations over large public logs},
  author={van den Hooff, Jelle and Kaashoek, M Frans and Zeldovich, Nickolai},
  booktitle={Proceedings of the 2014 ACM SIGSAC Conference on Computer and Communications Security},
  pages={1304--1316},
  year={2014},
  organization={ACM},
  url={http://people.csail.mit.edu/nickolai/papers/vandenhooff-versum.pdf}
}

@inproceedings{andrychowicz2014modeling,
  title={Modeling bitcoin contracts by timed automata},
  author={Andrychowicz, Marcin and Dziembowski, Stefan and Malinowski, Daniel and Mazurek, {\L}ukasz},
  booktitle={Formal Modeling and Analysis of Timed Systems},
  pages={7--22},
  year={2014},
  publisher={Springer},
  url={http://arxiv.org/pdf/1405.1861}
}

@inproceedings{decker2014bitcoin,
  title={Bitcoin transaction malleability and MtGox},
  author={Decker, Christian and Wattenhofer, Roger},
  booktitle={Computer Security-ESORICS 2014},
  pages={313--326},
  year={2014},
  publisher={Springer},
  url={http://www.tik.ee.ethz.ch/file/7e4a7f3f2991784786037285f4876f5c/malleability.pdf}
}

@inproceedings{bentov2014use,
  title={How to use bitcoin to design fair protocols},
  author={Bentov, Iddo and Kumaresan, Ranjit},
  booktitle={Advances in Cryptology--CRYPTO 2014},
  pages={421--439},
  year={2014},
  publisher={Springer},
  url={http://eprint.iacr.org/2014/129.pdf}
}

@article{ghosh2014torpath,
  title={A TorPath to TorCoin: Proofof-bandwidth altcoins for compensating relays},
  author={Ghosh, Mainak and Ford, B and Richardson, M},
  year={2014},
  booktitle={HotPETs},
  url={https://petsymposium.org/2014/papers/Ghosh.pdf}
}

@inproceedings{andrychowicz2014secure,
  title={Secure multiparty computations on bitcoin},
  author={Andrychowicz, Marcin and Dziembowski, Stefan and Malinowski, Daniel and Mazurek, Lukasz},
  booktitle={Security and Privacy (SP), 2014 IEEE Symposium on},
  pages={443--458},
  year={2014},
  organization={IEEE},
  url={https://eprint.iacr.org/2013/784.pdf}
}

% 2015  

@inproceedings{miller2015shadow,
  title={Shadow-Bitcoin: scalable simulation via direct execution of multi-threaded applications},
  author={Miller, Andrew and Jansen, Rob},
  booktitle={8th Workshop on Cyber Security Experimentation and Test (CSET 15)},
  year={2015},
  url={https://www.usenix.org/system/files/conference/cset15/cset15-miller.pdf}
}

%garay2015bitcoinbackbone
@inproceedings{garay2015bitcoin,
  title={The bitcoin backbone protocol: Analysis and applications},
  author={Garay, Juan and Kiayias, Aggelos and Leonardos, Nikos},
  booktitle={Advances in Cryptology-EUROCRYPT 2015},
  pages={281--310},
  year={2015},
  publisher={Springer},
  url={http://courses.cs.washington.edu/courses/cse454/15wi/papers/bitcoin-765.pdf}
}

@inproceedings{lewenberg2015inclusive,
  title={Inclusive block chain protocols},
  author={Lewenberg, Yoad and Sompolinsky, Yonatan and Zohar, Aviv},
  booktitle={Financial Cryptography and Data Security},
  pages={528--547},
  year={2015},
  publisher={Springer},
  url={http://www.cs.huji.ac.il/~avivz/pubs/15/inclusive_btc_full.pdf}
}

%bonneau2015bitcoinsok
@inproceedings{bonneau2015research,
  title         = {SoK: Research Perspectives and Challenges for Bitcoin and Cryptocurrencies},
  author        = {Bonneau, Joseph and Miller, Andrew and Clark, Jeremy and Narayanan, Arvind and Kroll, Joshua A and Felten, Edward W},
  booktitle     = {IEEE Symposium on Security and Privacy},
  year          = {2015},
  url={http://www.ieee-security.org/TC/SP2015/papers-archived/6949a104.pdf}
}

%tschorsch2015beyond
@inproceedings{tschorsch2015bitcoin, 
  title={Bitcoin and Beyond: A Technical Survey on Decentralized Digital Currencies}, 
  author={Tschorsch, Florian and Scheuermann, Bj{\"o}rn},
  booktitle={IEEE Communications Surveys Tutorials}, 
  year={2016}, 
  volume={PP}, 
  number={99}, 
  pages={1-1}, 
  keywords={Contracts;Cryptography;Internet;Online banking;Protocols;Space exploration;Tutorials}, 
  doi={10.1109/COMST.2016.2535718}, 
  ISSN={1553-877X}, 
  url={https://eprint.iacr.org/2015/464.pdf}
}

%mann2014twofactor
@inproceedings{mann2015two,
  title={Two-factor authentication for the Bitcoin protocol},
  author={Mann, Christopher and Loebenberger, Daniel},
  booktitle={Security and Trust Management},
  pages={155--171},
  year={2015},
  publisher={Springer},
  url= {https://eprint.iacr.org/2014/629.pdf}
}

@inproceedings{melara2015keytransparency,
  author = {Marcela S. Melara and Aaron Blankstein and Joseph Bonneau and Edward W. Felten and Michael J. Freedman},
  title = {Bringing Deployable Key Transparency to End Users},
  booktitle = {24th USENIX Security Symposium (USENIX Security 15)},
  year = {2015},
  month = {Aug},
  address = {Washington, D.C.},
  publisher = {USENIX Association},
  url  = {https://www.usenix.org/system/files/conference/usenixsecurity15/sec15-paper-melara.pdf}
}

@inproceedings{kalodner2015namecoinempirical,
  title = {An empirical study of Namecoin and lessons for decentralized namespace design},
  author = {Harry Kalodner and Miles Carlsten and Paul Ellenbogen and Joseph Bonneau and Arvind Narayanan},
  year = {2015},
  booktitle = {WEIS},
  url = {http://randomwalker.info/publications/namespaces.pdf}
}

@inproceedings{eskandari2015usability,
  title = {A first look at the usability of bitcoin key management},
  author = {Eskandari, Shayan and Barrera, David and Stobert, Elizabeth and Clark, Jeremy},
  booktitle = {Workshop on Usable Security (USEC)},
  year = {2015},
  url = {http://users.encs.concordia.ca/~clark/papers/2015_usec_full.pdf} 
}

@inproceedings{zyskind2015decentralizing,
  title={Decentralizing Privacy: Using Blockchain to Protect Personal Data},
  author={Zyskind, Guy and Nathan, Oz and Pentland, Alex'Sandy'},
  booktitle={Security and Privacy Workshops (SPW), 2015 IEEE},
  pages={180--184},
  year={2015},
  organization={IEEE},
  url={http://web.media.mit.edu/~guyzys/data/ZNP15.pdf}
}

%mcreynolds2015techpolicy
@inproceedings{mcreynolds2015cryptographic,
  title={Cryptographic Currencies from a Tech-Policy Perspective: Policy Issues and Technical Directions},
  author={McReynolds, Emily and Lerner, Adam and Scott, Will and Roesner, Franziska and Kohno, Tadayoshi},
  booktitle={Financial Cryptography and Data Security},
  pages={94--111},
  year={2015},
  publisher={Springer},
  url={http://fc15.ifca.ai/preproceedings/bitcoin/paper_16.pdf}
}

@inproceedings{ali2015zombiecoin,
  title={ZombieCoin: powering next-generation botnets with bitcoin},
  author={Ali, Syed Taha and McCorry, Patrick and Lee, Peter Hyun-Jeen and Hao, Feng},
  booktitle={Financial Cryptography and Data Security},
  pages={34--48},
  year={2015},
  publisher={Springer},
  url={http://homepages.cs.ncl.ac.uk/feng.hao/files/zcoin-camera-ready.pdf}
}

@article{karame2015misbehavior,
  title={Misbehavior in Bitcoin: A Study of Double-Spending and Accountability},
  author={Karame, Ghassan O and Androulaki, Elli and Roeschlin, Marc and Gervais, Arthur and {\v{C}}apkun, Srdjan},
  journal={ACM Transactions on Information and System Security (TISSEC)},
  volume={18},
  number={1},
  pages={2},
  year={2015},
  publisher={ACM},
  url={http://www.syssec.ethz.ch/content/dam/ethz/special-interest/infk/inst-infsec/system-security-group-dam/research/publications/pub2015/tissec15_karame.pdf}
}

@inproceedings{dagher2015provisions,
  title={Provisions: Privacy-preserving proofs of solvency for Bitcoin exchanges},
  author={Dagher, Gaby G and B{\"u}nz, Benedikt and Bonneau, Joseph and Clark, Jeremy and Boneh, Dan},
  booktitle={Proceedings of the 22nd ACM SIGSAC Conference on Computer and Communications Security},
  pages={720--731},
  year={2015},
  organization={ACM},
  url={http://users.encs.concordia.ca/~clark/papers/2015_ccs.pdf}
}

@inproceedings{ruffing2015liar,
  title={Liar, Liar, Coins on Fire!: Penalizing Equivocation By Loss of Bitcoins},
  author={Ruffing, Tim and Kate, Aniket and Schr{\"o}der, Dominique},
  booktitle={Proceedings of the 22nd ACM SIGSAC Conference on Computer and Communications Security},
  pages={219--230},
  year={2015},
  organization={ACM},
  url={https://people.mmci.uni-saarland.de/~aniket/publications/Non-equivocationWithBitcoinPenalties.pdf}
}

@inproceedings{kumaresan2015poker,
  title={How to Use Bitcoin to Play Decentralized Poker},
  author={Kumaresan, Ranjit and Moran, Tal and Bentov, Iddo},
  booktitle={Proceedings of the 22nd ACM SIGSAC Conference on Computer and Communications Security},
  pages={195--206},
  year={2015},
  organization={ACM},
  url={http://people.csail.mit.edu/ranjit/papers/poker.pdf}
}

@inproceedings{pass2015micropayments,
  title={Micropayments for Decentralized Currencies},
  author={Pass, Rafael and others},
  booktitle={Proceedings of the 22nd ACM SIGSAC Conference on Computer and Communications Security},
  pages={207--218},
  year={2015},
  organization={ACM},
  url={http://www.initc3.org/files/micropay2.pdf}
}

@inproceedings{miller2015nonoutsourceable,
  title={Nonoutsourceable Scratch-Off Puzzles to Discourage Bitcoin Mining Coalitions},
  author={Miller, Andrew and Kosba, Ahmed and Katz, Jonathan and Shi, Elaine},
  booktitle={Proceedings of the 22nd ACM SIGSAC Conference on Computer and Communications Security},
  pages={680--691},
  year={2015},
  organization={ACM},
  url={https://cs.umd.edu/~amiller/nonoutsourceable_full.pdf}
}

@inproceedings{gervais2015tampering,
  title={Tampering with the Delivery of Blocks and Transactions in Bitcoin},
  author={Gervais, Arthur and Ritzdorf, Hubert and Karame, Ghassan O and Capkun, Srdjan},
  booktitle={Proceedings of the 22nd ACM SIGSAC Conference on Computer and Communications Security},
  pages={692--705},
  year={2015},
  organization={ACM},
  url={https://eprint.iacr.org/2015/578.pdf}
}

%decker2015transparent
@inproceedings{decker2015making,
  title={Making Bitcoin Exchanges Transparent},
  author={Decker, Christian and Guthrie, James and Seidel, Jochen and Wattenhofer, Roger},
  booktitle={Computer Security--ESORICS 2015},
  pages={561--576},
  year={2015},
  publisher={Springer},
  url={http://www.tik.ee.ethz.ch/file/b89cb24ad2fa4e7ef01426d318c9b98b/decker2015making.pdf}
}

@inproceedings{andrychowicz2015pow,
  title={PoW-Based Distributed Cryptography with No Trusted Setup},
  author={Andrychowicz, Marcin and Dziembowski, Stefan},
  booktitle={Advances in Cryptology--CRYPTO 2015},
  pages={379--399},
  year={2015},
  publisher={Springer},
  url={http://eprint.iacr.org/2014/796.pdf}
}

@article{zohar2015bitcoin,
  title={Bitcoin: under the hood},
  author={Zohar, Aviv},
  journal={Communications of the ACM},
  volume={58},
  number={9},
  pages={104--113},
  year={2015},
  publisher={ACM},
  url={http://users.encs.concordia.ca/~clark/biblio/bitcoin/Zohar%202015.pdf}
}

@inproceedings{gutoski2015hierarchical,
  title={Hierarchical deterministic Bitcoin wallets that tolerate key leakage (short paper)},
  author={Gutoski, Gus and Stebila, Douglas},
  booktitle={Proceedings of the 19th International Conference on Financial Cryptography and Data Security (FC 2015)},
  year={2015},
  organization={Springer},
  url={http://fc15.ifca.ai/preproceedings/paper_15.pdf}
}

@inproceedings{wilson2015pretty,
  title={From Pretty Good to Great: Enhancing PGP Using Bitcoin and the Blockchain},
  author={Wilson, Duane and Ateniese, Giuseppe},
  booktitle={Network and System Security},
  pages={368--375},
  year={2015},
  publisher={Springer},
  url={http://arxiv.org/pdf/1508.04868}
}

@inproceedings{soska2015measuring,
  title={Measuring the longitudinal evolution of the online anonymous marketplace ecosystem},
  author={Soska, Kyle and Christin, Nicolas},
  booktitle={24th USENIX Security Symposium (USENIX Security 15)},
  pages={33--48},
  year={2015},
  url={https://www.usenix.org/system/files/conference/usenixsecurity15/sec15-paper-soska.pdf}
}

@inproceedings{heilman2015eclipse,
  title={Eclipse Attacks on Bitcoin's Peer-to-Peer Network},
  author={Heilman, Ethan and Kendler, Alison and Zohar, Aviv and Goldberg, Sharon},
  booktitle={24th USENIX Security Symposium (USENIX Security 15)},
  pages={129--144},
  year={2015},
  url={https://www.usenix.org/system/files/conference/usenixsecurity15/sec15-paper-heilman.pdf}
}

@inproceedings{eyal2015miner,
  title={The miner's dilemma},
  author={Eyal, Ittay},
  booktitle={Security and Privacy (SP), 2015 IEEE Symposium on},
  pages={89--103},
  year={2015},
  organization={IEEE},
  url={http://arxiv.org/pdf/1411.7099}
}

@inproceedings{vasek2015there,
  title={There's No Free Lunch, Even Using Bitcoin: Tracking the Popularity and Profits of Virtual Currency Scams},
  author={Vasek, Marie and Moore, Tyler},
  booktitle={Financial Cryptography and Data Security},
  pages={44--61},
  year={2015},
  publisher={Springer},
  url={http://secon.utulsa.edu/vasek/vasekfc15.pdf}
}

@inproceedings{sompolinsky2015secure,
  title={Secure high-rate transaction processing in Bitcoin},
  author={Sompolinsky, Yonatan and Zohar, Aviv},
  booktitle={Financial Cryptography and Data Security},
  pages={507--527},
  year={2015},
  publisher={Springer},
  url={http://www.cs.huji.ac.il/~avivz/pubs/15/btc_ghost_full.pdf}
}

% 2016  

@inproceedings{danezis2015centrally,
  title={Centrally Banked Cryptocurrencies},
  author={Danezis, George and Meiklejohn, Sarah},
  booktitle={Network and Distributed System Security},
  publisher={The Internet Society},
  year={2016},
  url={http://arxiv.org/pdf/1505.06895}
}

@inproceedings{bonneau2016buy,
	title={Why buy when you can rent? Bribery attacks on Bitcoin consensus},
	booktitle="BITCOIN '16: Proceedings of the 3rd Workshop on Bitcoin and Blockchain Research",
	author="Joseph Bonneau",
	month="February",
	year="2016",
    url={http://fc16.ifca.ai/bitcoin/papers/Bon16b.pdf}
}

@inproceedings{krombholz2016other, 
  Author = {Katharina Krombholz and Aljosha Judmayer and Matthias Gusenbauer and {Edgar R.} Weippl}, 
  title = {The Other Side of the Coin: User Experiences with Bitcoin Security and Privacy}, 
  booktitle = {International Conference on Financial Cryptography and Data Security (FC)}, 
  year = {2016}, 
  month = {2},
  url={https://www.sba-research.org/wp-content/uploads/publications/TheOtherSideOfTheCoin_FC16preConf.pdf}
}

@inproceedings{kosba2016hawk,
  title={Hawk: The blockchain model of cryptography and privacy-preserving smart contracts},
  author={Kosba, Ahmed and Miller, Andrew and Shi, Elaine and Wen, Zikai and Papamanthou, Charalampos},
  booktitle={Symposium on Security \& Privacy},
  publisher={IEEE},
  year={2016},
  url={http://eprint.iacr.org/2015/675.pdf},
}

@inproceedings{croman2016scaling,
  title={On Scaling Decentralized Blockchains},
  author={Croman, Kyle and Decker, Christian and Eyal, Ittay and Gencer, Adem Efe and Juels, Ari and Kosba, Ahmed and Miller, Andrew and Saxena, Prateek and Shi, Elaine and G{\"u}n, Emin},
  booktitle={3rd Workshop on Bitcoin and Blockchain Research, Financial Cryptography 16},
  year={2016},
  url={http://fc16.ifca.ai/bitcoin/papers/CDE+16.pdf}
}

@inproceedings{bonneau2016ethiks,
  title={EthIKS: Using Ethereum to audit a CONIKS key transparency log},
  author={Bonneau, Joseph},
  booktitle={3rd Workshop on Bitcoin and Blockchain Research, Financial Cryptography 16},
  year={2016},
  url={http://fc16.ifca.ai/bitcoin/papers/Bon16a.pdf}
}

@inproceedings{vasek2016bitcoin,
  title={The Bitcoin Brain Drain: Examining the Use and Abuse of Bitcoin Brain Wallets},
  author={Marie Vasek and Joseph Bonneau and Ryan Castellucci and Cameron Keith and Tyler Moore},
  booktitle={FC '16: Proceedings of the the 20th International Conference on Financial Cryptography},
  month={February},
  year={2016},
  url={http://www.jbonneau.com/doc/VBCKM16-FC-bitcoin_brain_wallets.pdf},
}

@inproceedings{schrijvers2016incentive,
	title={Incentive Compatibility of Bitcoin Mining Pool Reward Functions},
	author={Okke Schrijvers and Joseph Bonneau and Dan Boneh and Tim Roughgarden},
	booktitle={FC '16: Proceedings of the the 20th International Conference on Financial Cryptography},
	month={February},
	year={2016},
	url={http://www.jbonneau.com/doc/SBBR16-FC-mining_pool_reward_incentive_compatibility.pdf},
}

@inproceedings{nayak2015stubborn,
  title={Stubborn mining: Generalizing selfish mining and combining with an eclipse attack},
  author={Nayak, Kartik and Kumar, Srijan and Miller, Andrew and Shi, Elaine},
  booktitle={1st IEEE European Symposium on Security and Privacy, 2016},
  year={2016},
  publisher={IEEE},
  url={http://eprint.iacr.org/2015/796.pdf}
}


