% eprint/preprint blockchain bibliography

% \usepackage{url}
% Add this to your main .tex file
% so that URLs with special chars
% are handled correclty in misc 
% entries using work arounds like
%  howhpublished= 
%  note=`


% < 2008

@misc{back2002hashcash,
  title         = {Hashcash-a denial of service counter-measure},
  author        = {Back, Adam and others},
  year          = {2002},
  howpublished  = {\url{http://www.hashcash.org/papers/hashcash.pdf}},
  note = {Accessed: 2016-03-09}
}

% 2008

@misc{nakamoto2008bitcoin,
  author        = {Nakamoto, Satoshi},
  title         = {Bitcoin: A Peer-to-Peer Electronic Cash System},
  year          = {2008},
  month	        = {Dec},
  howpublished  = {\url{www.bitcoin.org/bitcoin.pdf}},
  note          = {Accessed: 2015-07-01}
}

% 2009

@misc{percival2009scrypt,
  title={Stronger key derivation via sequential memory-hard functions},
  author={Percival, Colin},
  year={2009},
  howpublished={\url{http://www.bsdcan.org/2009/schedule/attachments/87_scrypt.pdf}},
  note={Accessed: 2016-03-09}
}

@phdthesis{golze2009fairness,
  title={Fairness in \"{U}berlastsituationen mittels Proof-of-Work-Funktionen.},
  author={Golze, Sebastian},
  year={2009},
  school={Berlin Institute of Technology},
  howpublished={\url{https://depositonce.tu-berlin.de/bitstream/11303/2499/2/Dokument_41.pdf}},
  note={Accessed: 2016-03-09}
}

% 2010
% 2011
% 2012

@misc{ron2012quantitative,
  author = {D. Ron and A. Shamir},
  title = {Quantitative Analysis of the Full Bitcoin Transaction Graph},
  publisher = {Cryptology ePrint Archive, Report 2012/584},
  year = {2012},
  howpublished = {\url{https://eprint.iacr.org/2012/584.pdf}},
  note={Accessed: 2016-03-09}
}

% 2014

@article{sompolinsky2013accelerating,
  author = {Sompolinsky, Yonatan and Zohar, Aviv},
  title = {Accelerating Bitcoin's Transaction Processing. Fast Money Grows on Trees, Not Chains},
  journal = {IACR Cryptology ePrint Archive},
  year = {2013},
  pages = {881},
  url = {http://eprint.iacr.org/2013/881}
}

% 2014

@misc{rosenfeld2014doublespending,
  author        = {M. Rosenfeld},
  title         = {Analysis of Hashrate-Based Double Spending},
  journal       = {CoRR},
  volume        = {abs/1402.2009},
  year          = {2014},
  howpublished  = {\url{http://arxiv.org/abs/1402.2009}},
  note={Accessed: 2016-03-09}
}

%fromknecht2014certcoin
@article{fromknecht2014decentralized,
  title={A Decentralized Public Key Infrastructure with Identity Retention.},
  author={Fromknecht, Conner and Velicanu, Dragos and Yakoubov, Sophia},
  journal={IACR Cryptology ePrint Archive},
  volume={2014},
  pages={803},
  year={2014},
  url={https://eprint.iacr.org/2014/803.pdf}
}

%bentov2014withoutpow
@misc{bentov2014cryptocurrencies,
  title={Cryptocurrencies without proof of work},
  author={Bentov, Iddo and Gabizon, Ariel and Mizrahi, Alex},
  journal={arXiv preprint arXiv:1406.5694},
  year={2014},
  howpublished={\url{http://arxiv.org/pdf/1406.5694.pdf}},
  note={Accessed: 2016-03-09}
}

%laviola2014anonymous
@misc{miller2014anonymous,
  title={Anonymous byzantine consensus from moderately-hard puzzles: A model for bitcoin},
  author={Miller, A and LaViola JJ},
  year={2014},
  howpublished={\url{http://cryptolibrary.org/bitstream/handle/21/517/2014_Miller_Anonymous_byzantine_consensus_from_moderately-hard_puzzles_A_model_for_bitcoin.pdf?sequence=1}},
  note={Accessed: 2016-03-09}
}

% 2015

@misc{miller2015topology,
  title         = {Discovering bitcoin's public topology and influential nodes},
  author        = {Miller, Andrew and Litton, James and Pachulski, Andrew and Gupta, Neal and Levin, Dave and Spring, Neil and Bhattacharjee, Bobby},
  year          = {2015},
  month         = {May},
  howpublished  = {\url{http://cs.umd.edu/projects/coinscope/coinscope.pdf}},
  note={Accsessed: 2016-03-09}
}

@misc{bonneau2015random,
  title       = {On Bitcoin as a public randomness source},
  author      = {Bonneau, Joseph and Clark, Jeremy and Goldfeder, Steven},
  howpublished= {\url{https://eprint.iacr.org/2015/1015.pdf}},
  note        = {Accessed: 2015-10-25}
}

@misc{goldfeder2015threshold,
  author      = {Steven Goldfeder and Rosario Gennaro and Harry Kalodner and Joseph Bonneau and Joshua Kroll and Edward W. Felten and Arvind Narayanan},
  title       = {{Securing Bitcoin wallets via a new DSA/ECDSA threshold signature scheme}},
  year        = {2015},
  howpublished= {\url{http://www.cs.princeton.edu/~stevenag/threshold_sigs.pdf}},
  note        = {Accessed: 2015-07-13}
}

@article{gobel2015simulation,
  title={Bitcoin Blockchain Dynamics: the Selfish-Mine Strategy in the Presence of Propagation Delay},
  author={G{\"o}bel, Johannes and Keeler, Paul and Krzesinski, Anthony E and Taylor, Peter G},
  journal={arXiv preprint arXiv:1505.05343},
  year={2015},
  howpublished={\url{http://arxiv.org/pdf/1505.05343.pdf}},
  note={Accessed: 2015-03-01}
}

% 2016

@misc{ali2016blockstack,
  title={Blockstack: Design and Implementation of a Global Naming System with Blockchains},
  author={Ali, Muneeb and Nelson, Jude and Shea, Ryan and Freedman, Michael J},
  year={2016},
  howpublished={\url{http://www.the-blockchain.com/docs/Blockstack\%20Design\%20and\%20Implementation\%20of\%20a\%20Global\%20Naming\%20System.pdf}},
  note={Accessed: 2016-03-29}
}

@misc{narayanan2016bitcoin,
  title         = {Bitcoin and Cryptocurrency Technologies},
  author        = {{Narayanan, Arvind and Bonneau, Joseph and Felten, Edward and Miller, Andrew and Goldfeder, Steven}},
  year={2016},
  booktitle     = {Bitcoin and Cryptocurrency Technologies},
  howpublished  = {\url{https://d28rh4a8wq0iu5.cloudfront.net/bitcointech/readings/princeton_bitcoin_book.pdf?a=1}},
  note          = {Accessed: 2016-03-29}
}


