% eprint/preprint blockchain bibliography

% \usepackage{url}
% Add this to your main .tex file
% so that URLs with special chars
% are handled correclty in misc 
% entries using work arounds like
%  howhpublished= 
%  note=`


% < 2008

@misc{dai1998bmoney,
  title         = {bmoney},
  author        = {Dai, Wei},
  year          = {1998},
  howpublished  = {\url{http://www.weidai.com/bmoney.txt}},
  note = {Accessed: 2016-04-31}
}

@misc{back2002hashcash,
  title         = {Hashcash-a denial of service counter-measure},
  author        = {Back, Adam and others},
  year          = {2002},
  howpublished  = {\url{http://www.hashcash.org/papers/hashcash.pdf}},
  note = {Accessed: 2016-03-09}
}

@misc{finney2004rpow,
  title         = {Reusable Proofs of Work (RPOW)},
  author        = {Finney, Hal},
  year          = {2004},
  howpublished  = {\url{http://web.archive.org/web/20071222072154/http://rpow.net/}},
  note = {Accessed: 2016-04-31}
}

@misc{szabo2005bitgold,
  title         = {Bit gold},
  author        = {Szabo, Nick},
  year          = {2005},
  howpublished  = {\url{http://unenumerated.blogspot.co.at/2005/12/bit-gold.html}},
  note = {Accessed: 2016-04-31}
}

% 2008

@misc{nakamoto2008bitcoin,
  author        = {Nakamoto, Satoshi},
  title         = {Bitcoin: A Peer-to-Peer Electronic Cash System},
  year          = {2008},
  month	        = {Dec},
  howpublished  = {\url{www.bitcoin.org/bitcoin.pdf}},
  note          = {Accessed: 2015-07-01}
}

% 2009

@misc{percival2009scrypt,
  title={Stronger key derivation via sequential memory-hard functions},
  author={Percival, Colin},
  year={2009},
  howpublished={\url{http://www.bsdcan.org/2009/schedule/attachments/87_scrypt.pdf}},
  note={Accessed: 2016-03-09}
}

@phdthesis{golze2009fairness,
  title={Fairness in \"{U}berlastsituationen mittels Proof-of-Work-Funktionen.},
  author={Golze, Sebastian},
  year={2009},
  school={Berlin Institute of Technology},
  howpublished={\url{https://depositonce.tu-berlin.de/bitstream/11303/2499/2/Dokument_41.pdf}},
  note={Accessed: 2016-03-09}
}

% 2010
% 2011
% 2012

@misc{ron2012quantitative,
  author = {D. Ron and A. Shamir},
  title = {Quantitative Analysis of the Full Bitcoin Transaction Graph},
  publisher = {Cryptology ePrint Archive, Report 2012/584},
  year = {2012},
  howpublished = {\url{https://eprint.iacr.org/2012/584.pdf}},
  note={Accessed: 2016-03-09}
}

% 2014

@article{sompolinsky2013accelerating,
  author = {Sompolinsky, Yonatan and Zohar, Aviv},
  title = {Accelerating Bitcoin's Transaction Processing. Fast Money Grows on Trees, Not Chains},
  journal = {IACR Cryptology ePrint Archive},
  year = {2013},
  pages = {881},
  url = {http://eprint.iacr.org/2013/881}
}

% 2014

@misc{rosenfeld2014doublespending,
  author        = {M. Rosenfeld},
  title         = {Analysis of Hashrate-Based Double Spending},
  journal       = {CoRR},
  volume        = {abs/1402.2009},
  year          = {2014},
  howpublished  = {\url{http://arxiv.org/abs/1402.2009}},
  note={Accessed: 2016-03-09}
}

%fromknecht2014certcoin
@article{fromknecht2014decentralized,
  title={A Decentralized Public Key Infrastructure with Identity Retention.},
  author={Fromknecht, Conner and Velicanu, Dragos and Yakoubov, Sophia},
  journal={IACR Cryptology ePrint Archive},
  volume={2014},
  pages={803},
  year={2014},
  url={https://eprint.iacr.org/2014/803.pdf}
}

%bentov2014withoutpow
@misc{bentov2014cryptocurrencies,
  title={Cryptocurrencies without proof of work},
  author={Bentov, Iddo and Gabizon, Ariel and Mizrahi, Alex},
  journal={arXiv preprint arXiv:1406.5694},
  year={2014},
  howpublished={\url{http://arxiv.org/pdf/1406.5694.pdf}},
  note={Accessed: 2016-03-09}
}

%laviola2014anonymous
@misc{miller2014anonymous,
  title={Anonymous byzantine consensus from moderately-hard puzzles: A model for bitcoin},
  author={Miller, A and LaViola JJ},
  year={2014},
  howpublished={\url{http://cryptolibrary.org/bitstream/handle/21/517/2014_Miller_Anonymous_byzantine_consensus_from_moderately-hard_puzzles_A_model_for_bitcoin.pdf?sequence=1}},
  note={Accessed: 2016-03-09}
}

% 2015

@misc{miller2015topology,
  title         = {Discovering bitcoin's public topology and influential nodes},
  author        = {Miller, Andrew and Litton, James and Pachulski, Andrew and Gupta, Neal and Levin, Dave and Spring, Neil and Bhattacharjee, Bobby},
  year          = {2015},
  month         = {May},
  howpublished  = {\url{http://cs.umd.edu/projects/coinscope/coinscope.pdf}},
  note={Accsessed: 2016-03-09}
}

@misc{bonneau2015random,
  title       = {On Bitcoin as a public randomness source},
  author      = {Bonneau, Joseph and Clark, Jeremy and Goldfeder, Steven},
  howpublished= {\url{https://eprint.iacr.org/2015/1015.pdf}},
  note        = {Accessed: 2015-10-25}
}

@misc{goldfeder2015threshold,
  author      = {Steven Goldfeder and Rosario Gennaro and Harry Kalodner and Joseph Bonneau and Joshua Kroll and Edward W. Felten and Arvind Narayanan},
  title       = {{Securing Bitcoin wallets via a new DSA/ECDSA threshold signature scheme}},
  year        = {2015},
  howpublished= {\url{http://www.cs.princeton.edu/~stevenag/threshold_sigs.pdf}},
  note        = {Accessed: 2015-07-13}
}

@article{gobel2015simulation,
  title={Bitcoin Blockchain Dynamics: the Selfish-Mine Strategy in the Presence of Propagation Delay},
  author={G{\"o}bel, Johannes and Keeler, Paul and Krzesinski, Anthony E and Taylor, Peter G},
  journal={arXiv preprint arXiv:1505.05343},
  year={2015},
  howpublished={\url{http://arxiv.org/pdf/1505.05343.pdf}},
  note={Accessed: 2015-03-01}
}

% 2016

@misc{ali2016blockstack,
  title={Blockstack: Design and Implementation of a Global Naming System with Blockchains},
  author={Ali, Muneeb and Nelson, Jude and Shea, Ryan and Freedman, Michael J},
  year={2016},
  howpublished={\url{http://www.the-blockchain.com/docs/Blockstack\%20Design\%20and\%20Implementation\%20of\%20a\%20Global\%20Naming\%20System.pdf}},
  note={Accessed: 2016-03-29}
}

@misc{narayanan2016bitcoin,
  title         = {Bitcoin and Cryptocurrency Technologies},
  author        = {{Narayanan, Arvind and Bonneau, Joseph and Felten, Edward and Miller, Andrew and Goldfeder, Steven}},
  year={2016},
  booktitle     = {Bitcoin and Cryptocurrency Technologies},
  howpublished  = {\url{https://d28rh4a8wq0iu5.cloudfront.net/bitcointech/readings/princeton_bitcoin_book.pdf?a=1}},
  note          = {Accessed: 2016-03-29}
}


% online resources regardring blockchains 

% \usepackage{url}
% Add this to your main .tex file
% so that URLs with special chars
% are handled correclty in misc 
% entries using work arounds like
%  howhpublished= 
%  note=`


% Bitcoin

@misc{github:bitcoinsrc,
  author        = {{Bitcoin community}},
  title         = {Bitcoin-core source code},
  booktitle     = {github},
  howpublished  = {\url{https://github.com/bitcoin/bitcoin}},
  note          = {Accessed: 2015-06-30}
}

@misc{github:bitcoinbips,
  author        = {{Bitcoin community}},
  title         = {Bitcoin Improvement Proposals (BIPs)},
  booktitle     = {github},
  howpublished  = {\url{https://github.com/bitcoin/bips}},
  note          = {Accessed: 2015-06-30}
}

@misc{online:bitcoindev,
  author        = {{Bitcoin community}},
  title         = {Bitcoin developer guide},
  organization  = {bitcoin.org},
  howpublished  = {\url{https://bitcoin.org/en/developer-documentation}},
  note          = {Accessed: 2016-03-29}
}

@misc{github:bitcoindev,
  author        = {Krzysztof Okupski},
  title         = {Bitcoin protocol specification},
  howpublished  = {\url{https://github.com/minium/Bitcoin-Spec}},
  note          = {Accessed: 2014-10-14}
}

@misc{online:bitcoinprotocol,
  author        = {{Bitcoin community}},
  title         = {Bitcoin protocol specification},
  organization  = {bitcoin.it},
  howpublished  = {\url{https://en.bitcoin.it/wiki/Protocol_specification}},
  note          = {Accessed: 2014-10-14}
}

@misc{online:bitcoinit,
  author        = {{Bitcoin community}},
  title         = {Bitcoin wiki},
  organization  = {bitcoin.it},
  howpublished  = {\url{https://bitcoin.it/}},
  note          = {Accessed: 2015-06-30}
}

@misc{online:bitcoinitweaknesses,
  author        = {{Bitcoin community}},
  title         = {Weaknesses in Bitcoin},
  organization  = {bitcoin.it},
  howpublished  = {\url{https://en.bitcoin.it/wiki/Weaknesses}},
  note          = {Accessed: 2014-04-02}
}

@misc{online:bitcointalk,
  author        = {{Bitcoin community}},
  title         = {Bitcointalk forum},
  organization  = {bitcointalk.org},
  howpublished  = {\url{https://bitcointalk.org/}},
  note          = {Accessed: 2015-06-30}
}

@misc{online:blockchaininfo,
  author        = {Blockchain.info},
  title         = {Bitcoin currency statistics},
  organization  = {Blockchain.info},
  howpublished  = {\url{http://blockchain.info/}},
  note          = {Accessed: 2015-06-30}
}

@misc{github:trezor,
  author        = {{Satoshi Labs}},
  title         = {Trezor: The Hardware Bitcoin Wallet},
  howpublished  = {\url{https://github.com/trezor}},
  note          = {Accessed: 2015-06-30},
}

@misc{online:bruce2014miniblock,
  author        = {J. D. Bruce},
  title         = {The Mini-Blockchain Scheme (a.k.a Purely P2P Crypto-Currency With Finite Mini-Blockchain)},
  year          = {2014},
  month         = {Jul},
  howpublished  = {\url{http://cryptonite.info/files/mbc-scheme-rev2.pdf}},
  note          = {Accessed: 2014-04-05}
}

@misc{github:ethereum,
  author        = {{Ethereum community}},
  title         = {Ethereum: A Secure Decentralised Generalised Transaction Ledger },
  booktitle     = {github},
  howpublished  = {\url{https://github.com/ethereum/yellowpaper}},
  note          = {Accessed: 2016-03-30}
}

@misc{online:litecoin,
  author        = {Litecoin Project},
  title         = {Litecoin},
  howpublished  = {\url{https://litecoin.org/}},
  note          = {Accessed: 2016-03-29}
}

@misc{online:litecoinblockexplorer,
  author        = {Litecoin Association},
  title         = {Litecoin Block Explorer},
  howpublished  = {\url{http://block-explorer.com/}},
  note          = {Accessed: 2016-03-29}
}

@misc{online:namecoin,
  title         = {{Namecoin}},
  howpublished  = {\url{https://namecoin.org/}}, 
  note          = {Accessed 2016-03-23}
}

@misc{github:namecoin-legacy,
  author        = {{Namecoin community}},
  title         = {Namecoin source code (legacy)},
  howpublished  = {\url{https://github.com/namecoin/namecoin-legacy}},
  note          = {Accessed: 2016-03-29}
}

@misc{github:namecoin-core,
  author        = {{Namecoin community}},
  title         = {Namecoin-core source code},
  howpublished  = {\url{https://github.com/namecoin/namecoin-core}},
  note          = {Accessed: 2016-03-29}
}

@misc{online:schwarz2011zooko,
  author        = {Aaron Schwarz},
  title         = {{Squaring the Triangle: Secure, Decentralized, Human-Readable Names}},
  year          = {2011},
  month         = {Jan},
  howpublished  = {\url{http://www.aaronsw.com/weblog/squarezooko}},
  note          = {Accessed 2014-11-14}
}

@misc{online:jacobs2014namecoin,
  author        = {F. Jacobs},
  title         = {Providing better confidentiality and authentication on the Internet using Namecoin and MinimaLT},
  year          = {2014},
  month         = {apr},
  howpublished  = {\url{https://raw.githubusercontent.com/FredericJacobs/safeweb/master/paper.pdf}},
  note          = {Accessed: 2014-04-02}
}

@misc{online:taylor2012bitmessage,
  author        = {M. B. Taylor},
  title         = {Bitmessage: A Peer-to-Peer Message Authentication and Delivery System},
  year          = {2012},
  month         = {nov},
  howpublished  = {\url{https://bitmessage.org/bitmessage.pdf}},
  note          = {Accessed: 2015-05-06}
}

@misc{online:filecoin,
  author        = {Filecoin community},
  title         = {Filecoin: A Cryptocurrency Operated File Storage Network},
  organization  = {filecoin.io},
  year          = {2014},
  month         = {Oct},
  howpublished  = {\url{http://filecoin.io/filecoin.pdf}},
  note          = {Accessed: 2014-10-14}
}

@misc{online:cryptocoincharts,
  title         = {{Crypto Coins List}},
  howpublished  = {\url{http://www.cryptocoincharts.info/coins/info}}, 
  note          = {Accessed 2014-11-14}
}

@misc{online:bitinfocharts,
  title         = {{Bitinfocharts}},
  howpublished  = {\url{https://bitinfocharts.com/}}, 
  note          = {Accessed 2015-03-23}
}



% Peer reviewd blockchain bibliography

% < 2009 

@inproceedings{chaum1983blind,
  title = {Blind signatures for untraceable payments},
  author = {Chaum, David},
  booktitle = {Advances in cryptology},
  pages = {199--203},
  year = {1983},
  organization = {Springer},
  url = {http://blog.koehntopp.de/uploads/Chaum.BlindSigForPayment.1982.PDF}
}

@article{chaum1985security,
  title = {Security without identification: Transaction systems to make big brother obsolete},
  author = {Chaum, David},
  journal = {Communications of the ACM},
  volume = {28},
  number = {10},
  pages = {1030--1044},
  year = {1985},
  publisher = {ACM},
  url={https://cosic.esat.kuleuven.be/apes/papers/p1030-chaum.pdf.gz}
}

@inproceedings{chaum1990untraceable,
  title = {Untraceable electronic cash},
  author        = {Chaum, David and Fiat, Amos and Naor, Moni},
  booktitle     = {Proceedings on Advances in cryptology},
  pages         = {319--327},
  year          = {1990},
  organization  = {Springer-Verlag New York, Inc.},
  url = {http://people.dsv.su.se/~matei/courses/IK2001_SJE/Chaum90.pdf}
}

% 2009
% 2010

@inproceedings{white2010overcoming,
  title={Overcoming reputation and proof-of-work systems in botnets},
  author={White, Andrew and Tickle, Alan and Clark, Andrew},
  booktitle={Network and System Security (NSS), 2010 4th International Conference on},
  pages={120--127},
  year={2010},
  organization={IEEE},
  url={http://eprints.qut.edu.au/35657/1/c35657.pdf}
}

% 2011

@inproceedings{reid2011anonymity,
  author    = {F. Reid, M. Harrigan},
  title     = {An Analysis of Anonymity in the Bitcoin System},
  booktitle = {2011 IEEE International Conference on Privacy, Security, Risk, and Trust, and IEEE International Conference on Social Computing},
  year      = {2011},
  url={http://arxiv.org/pdf/1107.4524}
}

% 2012

@inproceedings{ron2013quantitative,
  title={Quantitative analysis of the full bitcoin transaction graph},
  author={Ron, Dorit and Shamir, Adi},
  booktitle={Financial Cryptography and Data Security},
  pages={6--24},
  year={2013},
  publisher={Springer},
  url={https://eprint.iacr.org/2012/584.pdf}
}

%barber2012bitterbetter
@inproceedings{barber2012bitter,
  title         = {Bitter to better - how to make bitcoin a better currency},
  author        = {Barber, Simon and Boyen, Xavier and Shi, Elaine and Uzun, Ersin},
  booktitle     = {Financial cryptography and data security},
  pages         = {399--414},
  year          = {2012},
  publisher     = {Springer},
  url={http://eprints.qut.edu.au/69169/1/Boyen_accepted_draft.pdf}
}

@inproceedings{babaioff2012red,
  title         = {On bitcoin and red balloons},
  author        = {Babaioff, Moshe and Dobzinski, Shahar and Oren, Sigal and Zohar, Aviv},
  booktitle     = {Proceedings of the 13th ACM conference on electronic commerce},
  pages         = {56--73},
  year          = {2012}, 
  organization  = {ACM},
  url = {http://arxiv.org/pdf/1111.2626.pdf}
}

@inproceedings{clark2012commitcoin,
  title={Commitcoin: Carbon dating commitments with bitcoin},
  author={Clark, Jeremy and Essex, Aleksander},
  booktitle={Financial Cryptography and Data Security},
  pages={390--398},
  year={2012},
  publisher={Springer},
  url={http://users.encs.concordia.ca/~clark/papers/2012_fc.pdf}
}

@inproceedings{becker2013can,
  title={Can we afford integrity by proof-of-work? Scenarios inspired by the Bitcoin currency},
  author={Becker, J{\"o}rg and Breuker, Dominic and Heide, Tobias and Holler, Justus and Rauer, Hans Peter and B{\"o}hme, Rainer},
  booktitle={WEIS},
  year={2012},
  publisher={Springer},
  url={http://users.encs.concordia.ca/~clark/biblio/bitcoin/Becker%202012.pdf}
}

@inproceedings{androulaki2012two,
  title={Two Bitcoins at the Price of One? Double-Spending Attacks on Fast Payments in Bitcoin},
  author={Androulaki, Eli and Capkun, Srdjan and Karame, Ghassan O},
  booktitle={CCS},
  year={2012},
  url={http://eprint.iacr.org/2012/248.pdf}
}

% 2013

@InProceedings{christin2013traveling,
  author = "Nicolas Christin", 
  title = "Traveling the {Silk Road}: A measurement analysis of a large anonymous online marketplace",
  booktitle = "Proceedings of the {22nd World Wide Web Conference (WWW'13)}", 
  year = 2013,
  month = may,
  address = "Rio de Janeiro, Brazil",
  pages = "213--224",
  url = {https://www.andrew.cmu.edu/user/nicolasc/publications/Christin-WWW13.pdf}
}

@InProceedings{christin2013beware, 
  author = "Tyler Moore and Nicolas Christin",
  title = "Beware the Middleman: Empirical Analysis of {Bitcoin}-Exchange Risk",
  booktitle = "Proceedings of IFCA Financial Cryptography'13",
  month = "April",
  year = 2013, 
  address = "Okinawa, Japan",
  url={https://www.andrew.cmu.edu/user/nicolasc/publications/MC-FC13.pdf}
}

@inproceedings{mahmoody2013publicly,
  title={Publicly verifiable proofs of sequential work},
  author={Mahmoody, Mohammad and Moran, Tal and Vadhan, Salil},
  booktitle={Proceedings of the 4th conference on Innovations in Theoretical Computer Science},
  pages={373--388},
  year={2013},
  organization={ACM},
  url={http://www.cs.cornell.edu/~mohammad/files/papers/15%20TimeStamp.pdf}
}

@inproceedings{taylor2013bitcoin,
  title={Bitcoin and the age of bespoke silicon},
  author={Taylor, Michael Bedford},
  booktitle={Proceedings of the 2013 International Conference on Compilers, Architectures and Synthesis for Embedded Systems},
  pages={16},
  year={2013},
  organization={IEEE Press},
  url={https://cseweb.ucsd.edu/~mbtaylor/papers/bitcoin_taylor_cases_2013.pdf}
}

@inproceedings{miers2013zerocoin,
  author={Miers, Ian and Garman, Christina and Green, Matthew and Rubin, Aviel D},
  title={Zerocoin: Anonymous distributed e-cash from bitcoin},
  booktitle={Security and Privacy (SP), 2013 IEEE Symposium on},
  pages={397--411},
  year={2013},
  organization={IEEE},
  url={https://isi.jhu.edu/~mgreen/ZerocoinOakland.pdf}
}

%bamert2013snak
@inproceedings{bamert2013have,
  title={Have a snack, pay with bitcoins},
  author={Bamert, Tobias and Decker, Christian and Elsen, Lennart and Wattenhofer, Roger and Welten, Samuel},
  booktitle={Peer-to-Peer Computing (P2P), 2013 IEEE Thirteenth International Conference on},
  pages={1--5},
  year={2013},
  organization={IEEE},
  url={http://www.bheesty.com/cracker/1450709524_17035424cb/p2p2013_093.pdf}
}

%decker2013propagation
@inproceedings{decker2013information,
  title={Information propagation in the bitcoin network},
  author={Decker, Christian and Wattenhofer, Roger},
  booktitle={Peer-to-Peer Computing (P2P), 2013 IEEE Thirteenth International Conference on},
  pages={1--10},
  year={2013},
  organization={IEEE},
  url={http://diyhpl.us/~bryan/papers2/bitcoin/Information%20propagation%20in%20the%20Bitcoin%20network.pdf}
}

@inproceedings{meiklejohn2013fistful,
  title={A fistful of bitcoins: characterizing payments among men with no names},
  author={Meiklejohn, Sarah and Pomarole, Marjori and Jordan, Grant and Levchenko, Kirill and McCoy, Damon and Voelker, Geoffrey M and Savage, Stefan},
  booktitle={Proceedings of the 2013 conference on Internet measurement conference},
  pages={127--140},
  year={2013},
  organization={ACM},
  url={http://cseweb.ucsd.edu/~smeiklejohn/files/imc13-slides.pdf}
}

@inproceedings{androulaki2013evaluating,
  title={Evaluating user privacy in bitcoin},
  author={Androulaki, Elli and Karame, Ghassan O and Roeschlin, Marc and Scherer, Tobias and Capkun, Srdjan},
  booktitle={Financial Cryptography and Data Security},
  pages={34--51},
  year={2013},
  publisher={Springer},
  url={http://book.itep.ru/depository/bitcoin/User_privacy_in_bitcoin.pdf}
}

% 2014 

@inproceedings{ben2014zerocash,
  title={Zerocash: Decentralized anonymous payments from bitcoin},
  author={Ben Sasson, Eli and Chiesa, Alessandro and Garman, Christina and Green, Matthew and Miers, Ian and Tromer, Eran and Virza, Madars},
  booktitle={Security and Privacy (SP), 2014 IEEE Symposium on},
  pages={459--474},
  year={2014},
  organization={IEEE},
  url={http://zerocash-project.org/media/pdf/zerocash-extended-20140518.pdf}
}

%donet2014bitcoinp2p
@inproceedings{donet2014bitcoin,
  title={The bitcoin p2p network},
  author={Donet, Joan Antoni Donet and P{\'e}rez-Sola, Cristina and Herrera-Joancomart{\'\i}, Jordi},
  booktitle={Financial Cryptography and Data Security},
  pages={87--102},
  year={2014},
  publisher={Springer},
  url={http://fc14.ifca.ai/bitcoin/papers/bitcoin14_submission_3.pdf}
}

%bonneau2014decentralizing
@inproceedings{clark2014decentralizing,
  title={On Decentralizing Prediction Markets and Order Books},
  author={Clark, Jeremy and Bonneau, Joseph and Felten, Edward W and Kroll, Joshua A and Miller, Andrew and Narayanan, Arvind},
  booktitle={WEIS},
  year={2014},
  url={http://users.encs.concordia.ca/~clark/papers/2014_weis.pdf}
}

%biryukov2014deanon
@inproceedings{biryukov2014deanonymisation,
  title={Deanonymisation of clients in Bitcoin P2P network},
  author={Biryukov, Alex and Khovratovich, Dmitry and Pustogarov, Ivan},
  booktitle={Proceedings of the 2014 ACM SIGSAC Conference on Computer and Communications Security},
  pages={15--29},
  year={2014},
  organization={ACM},
  url={http://arxiv.org/pdf/1405.7418.pdf}
}

@inproceedings{eyal2014majority,
  title={Majority is not enough: Bitcoin mining is vulnerable},
  author={Eyal, Ittay and Sirer, Emin G{\"u}n},
  booktitle={Financial Cryptography and Data Security},
  pages={436--454},
  year={2014},
  publisher={Springer},
  url={http://arxiv.org/pdf/1311.0243}
}

@inproceedings{ruffing2014coinshuffle,
  title={CoinShuffle: Practical decentralized coin mixing for Bitcoin},
  author={Ruffing, Tim and Moreno-Sanchez, Pedro and Kate, Aniket},
  booktitle={Computer Security-ESORICS 2014},
  pages={345--364},
  year={2014},
  publisher={Springer},
  url={http://crypsys.mmci.uni-saarland.de/projects/CoinShuffle/coinshuffle.pdf}
}

@inproceedings{huang2014botcoin,
  title={Botcoin: Monetizing Stolen Cycles.},
  author={Huang, Danny Yuxing and Dharmdasani, Hitesh and Meiklejohn, Sarah and Dave, Vacha and Grier, Chris and McCoy, Damon and Savage, Stefan and Weaver, Nicholas and Snoeren, Alex C and Levchenko, Kirill},
  booktitle={NDSS},
  year={2014},
  url={https://www.cs.gmu.edu/~mccoy/papers/botcoin-ndss14.pdf}
}

@inproceedings{garman2013decentralized,
  title={Decentralized Anonymous Credentials.},
  author={Garman, Christina and Green, Matthew and Miers, Ian},
  booktitle={NDSS},
  volume={2014},
  url={http://www.internetsociety.org/sites/default/files/07_3_1.pdf}
}

%biryukov2014bitcointor
@inproceedings{biryukov2015bitcoin,
  title={Bitcoin over Tor isn't a good idea},
  author={Biryukov, Alex and Pustogarov, Ivan},
  booktitle={Security and Privacy (SP), 2015 IEEE Symposium on},
  pages={122--134},
  year={2015},
  organization={IEEE},
  url={http://arxiv.org/pdf/1410.6079}
}

@inproceedings{saxena2014increasing,                                     
  title            = {Increasing Anonymity in Bitcoin},                       
  Author           = {Saxena, Amitabh and Misra, Janardan and Dhar, Aritra}, 
  Booktitle        = {Financial Cryptography and Data Security},          
  Pages            = {122--139},                                              
  Publisher        = {Springer},                                          
  Year             = {2014},
  url={http://fc14.ifca.ai/bitcoin/papers/bitcoin14_submission_19.pdf}
}

@inproceedings{miller2014permacoin,
  title={Permacoin: Repurposing bitcoin work for data preservation},
  author={Miller, Andrew and Juels, Ari and Shi, Elaine and Parno, Bryan and Katz, Jonathan},
  booktitle={Security and Privacy (SP), 2014 IEEE Symposium on},
  pages={475--490},
  year={2014},
  organization={IEEE},
  url={http://cs.umd.edu/~amiller/permacoin.pdf}
}

@inproceedings{bonneau2014fawkescoin,
  title={Fawkescoin: Bitcoin without public-key crypto},
  author={Bonneau, Joseph and Miller, Andrew},
  booktitle={Security Protocols XXII},
  pages={350--358},
  year={2014},
  publisher={Springer},
  url={http://www.jbonneau.com/doc/BM14-SPW-fawkescoin.pdf}
}

@inproceedings{bonneau2014mixcoin,
  title={Mixcoin: Anonymity for Bitcoin with accountable mixes},
  author={Bonneau, Joseph and Narayanan, Arvind and Miller, Andrew and Clark, Jeremy and Kroll, Joshua A and Felten, Edward W},
  booktitle={Financial Cryptography and Data Security},
  pages={486--504},
  year={2014},
  publisher={Springer},
  url={http://eprint.iacr.org/2014/077.pdf}
}

@inproceedings{jansen2014onions,
  title={From onions to shallots: Rewarding Tor relays with TEARS},
  author={Jansen, Rob and Miller, Andrew and Syverson, Paul and Ford, Bryan},
  booktitle={HotPETs},
  year={2014},
  url={http://www.dtic.mil/cgi-bin/GetTRDoc?AD=ADA623492}
}

@inproceedings{gervais2014privacy,
  title={On the privacy provisions of bloom filters in lightweight bitcoin clients},
  author={Gervais, Arthur and Capkun, Srdjan and Karame, Ghassan O and Gruber, Damian},
  booktitle={Proceedings of the 30th Annual Computer Security Applications Conference},
  pages={326--335},
  year={2014},
  organization={ACM},
  url={http://eprint.iacr.org/2014/763.pdf}
}

@inproceedings{kumaresan2014use,
  title={How to use bitcoin to incentivize correct computations},
  author={Kumaresan, Ranjit and Bentov, Iddo},
  booktitle={Proceedings of the 2014 ACM SIGSAC Conference on Computer and Communications Security},
  pages={30--41},
  year={2014},
  organization={ACM},
  url={http://www.cs.technion.ac.il/~idddo/incentivesBitcoin.pdf}
}

@inproceedings{van2014versum,
  title={Versum: Verifiable computations over large public logs},
  author={van den Hooff, Jelle and Kaashoek, M Frans and Zeldovich, Nickolai},
  booktitle={Proceedings of the 2014 ACM SIGSAC Conference on Computer and Communications Security},
  pages={1304--1316},
  year={2014},
  organization={ACM},
  url={http://people.csail.mit.edu/nickolai/papers/vandenhooff-versum.pdf}
}

@inproceedings{andrychowicz2014modeling,
  title={Modeling bitcoin contracts by timed automata},
  author={Andrychowicz, Marcin and Dziembowski, Stefan and Malinowski, Daniel and Mazurek, {\L}ukasz},
  booktitle={Formal Modeling and Analysis of Timed Systems},
  pages={7--22},
  year={2014},
  publisher={Springer},
  url={http://arxiv.org/pdf/1405.1861}
}

@inproceedings{decker2014bitcoin,
  title={Bitcoin transaction malleability and MtGox},
  author={Decker, Christian and Wattenhofer, Roger},
  booktitle={Computer Security-ESORICS 2014},
  pages={313--326},
  year={2014},
  publisher={Springer},
  url={http://www.tik.ee.ethz.ch/file/7e4a7f3f2991784786037285f4876f5c/malleability.pdf}
}

@inproceedings{bentov2014use,
  title={How to use bitcoin to design fair protocols},
  author={Bentov, Iddo and Kumaresan, Ranjit},
  booktitle={Advances in Cryptology--CRYPTO 2014},
  pages={421--439},
  year={2014},
  publisher={Springer},
  url={http://eprint.iacr.org/2014/129.pdf}
}

@article{ghosh2014torpath,
  title={A TorPath to TorCoin: Proofof-bandwidth altcoins for compensating relays},
  author={Ghosh, Mainak and Ford, B and Richardson, M},
  year={2014},
  booktitle={HotPETs},
  url={https://petsymposium.org/2014/papers/Ghosh.pdf}
}

@inproceedings{andrychowicz2014secure,
  title={Secure multiparty computations on bitcoin},
  author={Andrychowicz, Marcin and Dziembowski, Stefan and Malinowski, Daniel and Mazurek, Lukasz},
  booktitle={Security and Privacy (SP), 2014 IEEE Symposium on},
  pages={443--458},
  year={2014},
  organization={IEEE},
  url={https://eprint.iacr.org/2013/784.pdf}
}



% 2015  

@inproceedings{miller2015shadow,
  title={Shadow-Bitcoin: scalable simulation via direct execution of multi-threaded applications},
  author={Miller, Andrew and Jansen, Rob},
  booktitle={8th Workshop on Cyber Security Experimentation and Test (CSET 15)},
  year={2015},
  url={https://www.usenix.org/system/files/conference/cset15/cset15-miller.pdf}
}

%garay2015bitcoinbackbone
@inproceedings{garay2015bitcoin,
  title={The bitcoin backbone protocol: Analysis and applications},
  author={Garay, Juan and Kiayias, Aggelos and Leonardos, Nikos},
  booktitle={Advances in Cryptology-EUROCRYPT 2015},
  pages={281--310},
  year={2015},
  publisher={Springer},
  url={http://courses.cs.washington.edu/courses/cse454/15wi/papers/bitcoin-765.pdf}
}

@inproceedings{lewenberg2015inclusive,
  title={Inclusive block chain protocols},
  author={Lewenberg, Yoad and Sompolinsky, Yonatan and Zohar, Aviv},
  booktitle={Financial Cryptography and Data Security},
  pages={528--547},
  year={2015},
  publisher={Springer},
  url={http://www.cs.huji.ac.il/~avivz/pubs/15/inclusive_btc_full.pdf}
}

%bonneau2015bitcoinsok
@inproceedings{bonneau2015research,
  title         = {SoK: Research Perspectives and Challenges for Bitcoin and Cryptocurrencies},
  author        = {Bonneau, Joseph and Miller, Andrew and Clark, Jeremy and Narayanan, Arvind and Kroll, Joshua A and Felten, Edward W},
  booktitle     = {IEEE Symposium on Security and Privacy},
  year          = {2015},
  url={http://www.ieee-security.org/TC/SP2015/papers-archived/6949a104.pdf}
}

%tschorsch2015beyond
@inproceedings{tschorsch2015bitcoin, 
  title={Bitcoin and Beyond: A Technical Survey on Decentralized Digital Currencies}, 
  author={Tschorsch, Florian and Scheuermann, Bj{\"o}rn},
  booktitle={IEEE Communications Surveys Tutorials}, 
  year={2016}, 
  volume={PP}, 
  number={99}, 
  pages={1-1}, 
  keywords={Contracts;Cryptography;Internet;Online banking;Protocols;Space exploration;Tutorials}, 
  doi={10.1109/COMST.2016.2535718}, 
  ISSN={1553-877X}, 
  url={https://eprint.iacr.org/2015/464.pdf}
}

%mann2014twofactor
@inproceedings{mann2015two,
  title={Two-factor authentication for the Bitcoin protocol},
  author={Mann, Christopher and Loebenberger, Daniel},
  booktitle={Security and Trust Management},
  pages={155--171},
  year={2015},
  publisher={Springer},
  url= {https://eprint.iacr.org/2014/629.pdf}
}

@inproceedings{melara2015keytransparency,
  author = {Marcela S. Melara and Aaron Blankstein and Joseph Bonneau and Edward W. Felten and Michael J. Freedman},
  title = {Bringing Deployable Key Transparency to End Users},
  booktitle = {24th USENIX Security Symposium (USENIX Security 15)},
  year = {2015},
  month = {Aug},
  address = {Washington, D.C.},
  publisher = {USENIX Association},
  url  = {https://www.usenix.org/system/files/conference/usenixsecurity15/sec15-paper-melara.pdf}
}

@inproceedings{kalodner2015namecoinempirical,
  title = {An empirical study of Namecoin and lessons for decentralized namespace design},
  author = {Harry Kalodner and Miles Carlsten and Paul Ellenbogen and Joseph Bonneau and Arvind Narayanan},
  year = {2015},
  booktitle = {WEIS},
  url = {http://randomwalker.info/publications/namespaces.pdf}
}

@inproceedings{eskandari2015usability,
  title = {A first look at the usability of bitcoin key management},
  author = {Eskandari, Shayan and Barrera, David and Stobert, Elizabeth and Clark, Jeremy},
  booktitle = {Workshop on Usable Security (USEC)},
  year = {2015},
  url = {http://users.encs.concordia.ca/~clark/papers/2015_usec_full.pdf} 
}

@inproceedings{zyskind2015decentralizing,
  title={Decentralizing Privacy: Using Blockchain to Protect Personal Data},
  author={Zyskind, Guy and Nathan, Oz and Pentland, Alex'Sandy'},
  booktitle={Security and Privacy Workshops (SPW), 2015 IEEE},
  pages={180--184},
  year={2015},
  organization={IEEE},
  url={http://web.media.mit.edu/~guyzys/data/ZNP15.pdf}
}

%mcreynolds2015techpolicy
@inproceedings{mcreynolds2015cryptographic,
  title={Cryptographic Currencies from a Tech-Policy Perspective: Policy Issues and Technical Directions},
  author={McReynolds, Emily and Lerner, Adam and Scott, Will and Roesner, Franziska and Kohno, Tadayoshi},
  booktitle={Financial Cryptography and Data Security},
  pages={94--111},
  year={2015},
  publisher={Springer},
  url={http://fc15.ifca.ai/preproceedings/bitcoin/paper_16.pdf}
}

@inproceedings{ali2015zombiecoin,
  title={ZombieCoin: powering next-generation botnets with bitcoin},
  author={Ali, Syed Taha and McCorry, Patrick and Lee, Peter Hyun-Jeen and Hao, Feng},
  booktitle={Financial Cryptography and Data Security},
  pages={34--48},
  year={2015},
  publisher={Springer},
  url={http://homepages.cs.ncl.ac.uk/feng.hao/files/zcoin-camera-ready.pdf}
}

@article{karame2015misbehavior,
  title={Misbehavior in Bitcoin: A Study of Double-Spending and Accountability},
  author={Karame, Ghassan O and Androulaki, Elli and Roeschlin, Marc and Gervais, Arthur and {\v{C}}apkun, Srdjan},
  journal={ACM Transactions on Information and System Security (TISSEC)},
  volume={18},
  number={1},
  pages={2},
  year={2015},
  publisher={ACM},
  url={http://www.syssec.ethz.ch/content/dam/ethz/special-interest/infk/inst-infsec/system-security-group-dam/research/publications/pub2015/tissec15_karame.pdf}
}

@inproceedings{dagher2015provisions,
  title={Provisions: Privacy-preserving proofs of solvency for Bitcoin exchanges},
  author={Dagher, Gaby G and B{\"u}nz, Benedikt and Bonneau, Joseph and Clark, Jeremy and Boneh, Dan},
  booktitle={Proceedings of the 22nd ACM SIGSAC Conference on Computer and Communications Security},
  pages={720--731},
  year={2015},
  organization={ACM},
  url={http://users.encs.concordia.ca/~clark/papers/2015_ccs.pdf}
}

@inproceedings{ruffing2015liar,
  title={Liar, Liar, Coins on Fire!: Penalizing Equivocation By Loss of Bitcoins},
  author={Ruffing, Tim and Kate, Aniket and Schr{\"o}der, Dominique},
  booktitle={Proceedings of the 22nd ACM SIGSAC Conference on Computer and Communications Security},
  pages={219--230},
  year={2015},
  organization={ACM},
  url={https://people.mmci.uni-saarland.de/~aniket/publications/Non-equivocationWithBitcoinPenalties.pdf}
}

@inproceedings{kumaresan2015poker,
  title={How to Use Bitcoin to Play Decentralized Poker},
  author={Kumaresan, Ranjit and Moran, Tal and Bentov, Iddo},
  booktitle={Proceedings of the 22nd ACM SIGSAC Conference on Computer and Communications Security},
  pages={195--206},
  year={2015},
  organization={ACM},
  url={http://people.csail.mit.edu/ranjit/papers/poker.pdf}
}

@inproceedings{pass2015micropayments,
  title={Micropayments for Decentralized Currencies},
  author={Pass, Rafael and others},
  booktitle={Proceedings of the 22nd ACM SIGSAC Conference on Computer and Communications Security},
  pages={207--218},
  year={2015},
  organization={ACM},
  url={http://www.initc3.org/files/micropay2.pdf}
}

@inproceedings{miller2015nonoutsourceable,
  title={Nonoutsourceable Scratch-Off Puzzles to Discourage Bitcoin Mining Coalitions},
  author={Miller, Andrew and Kosba, Ahmed and Katz, Jonathan and Shi, Elaine},
  booktitle={Proceedings of the 22nd ACM SIGSAC Conference on Computer and Communications Security},
  pages={680--691},
  year={2015},
  organization={ACM},
  url={https://cs.umd.edu/~amiller/nonoutsourceable_full.pdf}
}

@inproceedings{gervais2015tampering,
  title={Tampering with the Delivery of Blocks and Transactions in Bitcoin},
  author={Gervais, Arthur and Ritzdorf, Hubert and Karame, Ghassan O and Capkun, Srdjan},
  booktitle={Proceedings of the 22nd ACM SIGSAC Conference on Computer and Communications Security},
  pages={692--705},
  year={2015},
  organization={ACM},
  url={https://eprint.iacr.org/2015/578.pdf}
}

%decker2015transparent
@inproceedings{decker2015making,
  title={Making Bitcoin Exchanges Transparent},
  author={Decker, Christian and Guthrie, James and Seidel, Jochen and Wattenhofer, Roger},
  booktitle={Computer Security--ESORICS 2015},
  pages={561--576},
  year={2015},
  publisher={Springer},
  url={http://www.tik.ee.ethz.ch/file/b89cb24ad2fa4e7ef01426d318c9b98b/decker2015making.pdf}
}

@inproceedings{andrychowicz2015pow,
  title={PoW-Based Distributed Cryptography with No Trusted Setup},
  author={Andrychowicz, Marcin and Dziembowski, Stefan},
  booktitle={Advances in Cryptology--CRYPTO 2015},
  pages={379--399},
  year={2015},
  publisher={Springer},
  url={http://eprint.iacr.org/2014/796.pdf}
}

@article{zohar2015bitcoin,
  title={Bitcoin: under the hood},
  author={Zohar, Aviv},
  journal={Communications of the ACM},
  volume={58},
  number={9},
  pages={104--113},
  year={2015},
  publisher={ACM},
  url={http://users.encs.concordia.ca/~clark/biblio/bitcoin/Zohar%202015.pdf}
}

@inproceedings{gutoski2015hierarchical,
  title={Hierarchical deterministic Bitcoin wallets that tolerate key leakage (short paper)},
  author={Gutoski, Gus and Stebila, Douglas},
  booktitle={Proceedings of the 19th International Conference on Financial Cryptography and Data Security (FC 2015)},
  year={2015},
  organization={Springer},
  url={http://fc15.ifca.ai/preproceedings/paper_15.pdf}
}

@inproceedings{wilson2015pretty,
  title={From Pretty Good to Great: Enhancing PGP Using Bitcoin and the Blockchain},
  author={Wilson, Duane and Ateniese, Giuseppe},
  booktitle={Network and System Security},
  pages={368--375},
  year={2015},
  publisher={Springer},
  url={http://arxiv.org/pdf/1508.04868}
}

@inproceedings{soska2015measuring,
  title={Measuring the longitudinal evolution of the online anonymous marketplace ecosystem},
  author={Soska, Kyle and Christin, Nicolas},
  booktitle={24th USENIX Security Symposium (USENIX Security 15)},
  pages={33--48},
  year={2015},
  url={https://www.usenix.org/system/files/conference/usenixsecurity15/sec15-paper-soska.pdf}
}

@inproceedings{heilman2015eclipse,
  title={Eclipse Attacks on Bitcoin's Peer-to-Peer Network},
  author={Heilman, Ethan and Kendler, Alison and Zohar, Aviv and Goldberg, Sharon},
  booktitle={24th USENIX Security Symposium (USENIX Security 15)},
  pages={129--144},
  year={2015},
  url={https://www.usenix.org/system/files/conference/usenixsecurity15/sec15-paper-heilman.pdf}
}

@inproceedings{eyal2015miner,
  title={The miner's dilemma},
  author={Eyal, Ittay},
  booktitle={Security and Privacy (SP), 2015 IEEE Symposium on},
  pages={89--103},
  year={2015},
  organization={IEEE},
  url={http://arxiv.org/pdf/1411.7099}
}

@inproceedings{vasek2015there,
  title={There's No Free Lunch, Even Using Bitcoin: Tracking the Popularity and Profits of Virtual Currency Scams},
  author={Vasek, Marie and Moore, Tyler},
  booktitle={Financial Cryptography and Data Security},
  pages={44--61},
  year={2015},
  publisher={Springer},
  url={http://secon.utulsa.edu/vasek/vasekfc15.pdf}
}

@inproceedings{sompolinsky2015secure,
  title={Secure high-rate transaction processing in Bitcoin},
  author={Sompolinsky, Yonatan and Zohar, Aviv},
  booktitle={Financial Cryptography and Data Security},
  pages={507--527},
  year={2015},
  publisher={Springer},
  url={http://www.cs.huji.ac.il/~avivz/pubs/15/btc_ghost_full.pdf}
}

% 2016  

@inproceedings{danezis2015centrally,
  title={Centrally Banked Cryptocurrencies},
  author={Danezis, George and Meiklejohn, Sarah},
  booktitle={Network and Distributed System Security},
  publisher={The Internet Society},
  year={2016},
  url={http://arxiv.org/pdf/1505.06895}
}

@inproceedings{bonneau2016buy,
	title={Why buy when you can rent? Bribery attacks on Bitcoin consensus},
	booktitle="BITCOIN '16: Proceedings of the 3rd Workshop on Bitcoin and Blockchain Research",
	author="Joseph Bonneau",
	month="February",
	year="2016",
    url={http://fc16.ifca.ai/bitcoin/papers/Bon16b.pdf}
}

@inproceedings{krombholz2016other, 
  Author = {Katharina Krombholz and Aljosha Judmayer and Matthias Gusenbauer and {Edgar R.} Weippl}, 
  title = {The Other Side of the Coin: User Experiences with Bitcoin Security and Privacy}, 
  booktitle = {International Conference on Financial Cryptography and Data Security (FC)}, 
  year = {2016}, 
  month = {2},
  url={https://www.sba-research.org/wp-content/uploads/publications/TheOtherSideOfTheCoin_FC16preConf.pdf}
}

@inproceedings{kosba2016hawk,
  title={Hawk: The blockchain model of cryptography and privacy-preserving smart contracts},
  author={Kosba, Ahmed and Miller, Andrew and Shi, Elaine and Wen, Zikai and Papamanthou, Charalampos},
  booktitle={Symposium on Security \& Privacy},
  publisher={IEEE},
  year={2016},
  url={http://eprint.iacr.org/2015/675.pdf},
}

@inproceedings{croman2016scaling,
  title={On Scaling Decentralized Blockchains},
  author={Croman, Kyle and Decker, Christian and Eyal, Ittay and Gencer, Adem Efe and Juels, Ari and Kosba, Ahmed and Miller, Andrew and Saxena, Prateek and Shi, Elaine and G{\"u}n, Emin},
  booktitle={3rd Workshop on Bitcoin and Blockchain Research, Financial Cryptography 16},
  year={2016},
  url={http://fc16.ifca.ai/bitcoin/papers/CDE+16.pdf}
}

@inproceedings{bonneau2016ethiks,
  title={EthIKS: Using Ethereum to audit a CONIKS key transparency log},
  author={Bonneau, Joseph},
  booktitle={3rd Workshop on Bitcoin and Blockchain Research, Financial Cryptography 16},
  year={2016},
  url={http://fc16.ifca.ai/bitcoin/papers/Bon16a.pdf}
}

@inproceedings{vasek2016bitcoin,
  title={The Bitcoin Brain Drain: Examining the Use and Abuse of Bitcoin Brain Wallets},
  author={Marie Vasek and Joseph Bonneau and Ryan Castellucci and Cameron Keith and Tyler Moore},
  booktitle={FC '16: Proceedings of the the 20th International Conference on Financial Cryptography},
  month={February},
  year={2016},
  url={http://www.jbonneau.com/doc/VBCKM16-FC-bitcoin_brain_wallets.pdf},
}

@inproceedings{schrijvers2016incentive,
	title={Incentive Compatibility of Bitcoin Mining Pool Reward Functions},
	author={Okke Schrijvers and Joseph Bonneau and Dan Boneh and Tim Roughgarden},
	booktitle={FC '16: Proceedings of the the 20th International Conference on Financial Cryptography},
	month={February},
	year={2016},
	url={http://www.jbonneau.com/doc/SBBR16-FC-mining_pool_reward_incentive_compatibility.pdf},
}

@inproceedings{nayak2015stubborn,
  title={Stubborn mining: Generalizing selfish mining and combining with an eclipse attack},
  author={Nayak, Kartik and Kumar, Srijan and Miller, Andrew and Shi, Elaine},
  booktitle={1st IEEE European Symposium on Security and Privacy, 2016},
  year={2016},
  publisher={IEEE},
  url={http://eprint.iacr.org/2015/796.pdf}
}


